<record><leader>00000cas a2200000 a 4500</leader><controlfield tag="001">12760614</controlfield><controlfield tag="008">851105d18691871ksuwr ne      0    0eng d</controlfield><datafield ind1=" " ind2=" " tag="010"><subfield code="a">sn 85032622 </subfield></datafield><datafield ind1=" " ind2=" " tag="040"><subfield code="a">KSH</subfield><subfield code="b">eng</subfield><subfield code="c">KSH</subfield><subfield code="d">NPT</subfield><subfield code="d">OCL</subfield><subfield code="d">OCLCQ</subfield></datafield><datafield ind1=" " ind2=" " tag="042"><subfield code="a">msc</subfield></datafield><datafield ind1="0" ind2=" " tag="130"><subfield code="a">Wabaunsee County herald (Alma, Kan. : 1869)</subfield></datafield><datafield ind1="1" ind2="0" tag="245"><subfield code="a">Wabaunsee County herald.</subfield></datafield><datafield ind1=" " ind2=" " tag="260"><subfield code="a">Alma, Kan. :</subfield><subfield code="b">Sellers &amp; Bertram,</subfield><subfield code="c">1869-1871.</subfield></datafield><datafield ind1=" " ind2=" " tag="300"><subfield code="a">2 v. ;</subfield><subfield code="c">55 cm.</subfield></datafield><datafield ind1=" " ind2=" " tag="310"><subfield code="a">Weekly</subfield></datafield><datafield ind1="0" ind2=" " tag="362"><subfield code="a">Vol. 1, no. 1 (Apr. 1, 1869)-v. 2, no. 49 (Mar. 9, 1871).</subfield></datafield><datafield ind1=" " ind2=" " tag="500"><subfield code="a">Published by: Sellers &amp; Fairchild, Oct. 28, 1869-Sept. 22, 1870; A. Sellers, Jr., Sept. 29, 1870-Mar. 9, 1871.</subfield></datafield><datafield ind1=" " ind2=" " tag="500"><subfield code="a">"Republican."</subfield></datafield><datafield ind1=" " ind2=" " tag="752"><subfield code="a">United States</subfield><subfield code="b">Kansas</subfield><subfield code="c">Wabaunsee</subfield><subfield code="d">Alma.</subfield></datafield><datafield ind1="0" ind2="0" tag="785"><subfield code="t">Alma weekly union</subfield><subfield code="w">(DLC)sn 85032623</subfield></datafield><datafield ind1="1" ind2=" " tag="029"><subfield code="a">AU@</subfield><subfield code="b">000022166513</subfield></datafield></record>